@online{turk1994,
author = {Turk, Greg and Levoy, Marc},
publisher = {Stanford University Computer Graphics Laboratory},
title = {{The stanford bunny}},
url = {http://graphics.stanford.edu/data/3Dscanrep/},
urldate = {2020-11-17}, 
year = {1994}
}

@book{hartley2003,
  title={Multiple view geometry in computer vision},
  author={Hartley, Richard and Zisserman, Andrew},
  year={2003},
  publisher={Cambridge university press}
}